<?xml version="1.0" encoding="UTF-8"?><collection xmlns="http://www.loc.gov/MARC21/slim"><record><leader>00435nam--2200169-i-4500</leader><controlfield tag="001">000036485</controlfield><controlfield tag="002">20161230</controlfield><controlfield tag="005">20161230201040</controlfield><controlfield tag="008">060222s1000------------r-----000-0-eng-d</controlfield><datafield ind1=" " ind2=" " tag="040"><subfield code="a">IFIN-HH</subfield></datafield><datafield ind1=" " ind2=" " tag="080"><subfield code="a">539.1</subfield></datafield><datafield ind1="1" ind2=" " tag="100"><subfield code="a">Pollard, William G</subfield></datafield><datafield ind1="1" ind2="0" tag="245"><subfield code="a">The mystery of matter</subfield><subfield code="c">William g. pollard</subfield></datafield><datafield ind1=" " ind2=" " tag="260"><subfield code="a">Oak Ridge</subfield><subfield code="b">Technical Information Center</subfield><subfield code="c">1970</subfield></datafield><datafield ind1=" " ind2=" " tag="300"><subfield code="a">58P</subfield></datafield><datafield ind1=" " ind2=" " tag="852"><subfield code="a">42858</subfield><subfield code="c">539</subfield></datafield><datafield ind1=" " ind2=" " tag="CAT"><subfield code="a">Sys</subfield><subfield code="c">20111011</subfield><subfield code="h">091926</subfield></datafield></record></collection>